<?xml version="1.0" encoding="UTF-8" standalone="yes"?>
<bib>
	<mms_id>991416299674702204</mms_id>
	<record_format>marc21</record_format>
	<linked_record_id type="NZ">991416299674702201</linked_record_id>
	<title>Abominable science : origins of the Yeti, Nessie, and other famous cryptids</title>
	<author>Loxton, Daniel.</author>
	<isbn>9780231153201</isbn>
	<network_numbers>
		<network_number>(NO-TrBIB)141629967</network_number>
		<network_number>141629967-47bibsys_network</network_number>
		<network_number>(EXLNZ-47BIBSYS_NETWORK)991416299674702201</network_number>
	</network_numbers>
	<place_of_publication>New York</place_of_publication>
	<publisher_const>Columbia University Press</publisher_const>
	<holdings link="https://api-eu.hosted.exlibrisgroup.com/almaws/v1/bibs/991416299674702204/holdings"/>
	<created_by>import</created_by>
	<created_date>2015-11-05Z</created_date>
	<last_modified_date>2016-04-05Z</last_modified_date>
	<suppress_from_publishing>false</suppress_from_publishing>
	<originating_system>ILS</originating_system>
	<originating_system_id>141629967-47bibsys_network</originating_system_id>
	<record>
		<leader>01233cam a2200289 c 4500</leader>
		<controlfield tag="001">991416299674702204</controlfield>
		<controlfield tag="005">20140917115101.0</controlfield>
		<controlfield tag="007">ta</controlfield>
		<controlfield tag="008">140917s2013    xx#|||||||||||000|u|eng|d</controlfield>
		<datafield ind1=" " ind2=" " tag="020">
			<subfield code="a">9780231153201</subfield>
			<subfield code="q">ib.</subfield>
		</datafield>
		<datafield ind1=" " ind2=" " tag="035">
			<subfield code="a">141629967-47bibsys_network</subfield>
		</datafield>
		<datafield ind1=" " ind2=" " tag="035">
			<subfield code="a">(NO-TrBIB)141629967</subfield>
		</datafield>
		<datafield ind1=" " ind2=" " tag="035">
			<subfield code="a">(EXLNZ-47BIBSYS_NETWORK)991416299674702201</subfield>
		</datafield>
		<datafield ind1=" " ind2=" " tag="040">
			<subfield code="a">NO-TrBIB</subfield>
			<subfield code="b">nob</subfield>
			<subfield code="e">katreg</subfield>
		</datafield>
		<datafield ind1="0" ind2="4" tag="082">
			<subfield code="a">001.944</subfield>
			<subfield code="q">NoOU</subfield>
			<subfield code="2">23</subfield>
		</datafield>
		<datafield ind1="1" ind2=" " tag="100">
			<subfield code="a">Loxton, Daniel.</subfield>
			<subfield code="4">aut</subfield>
			<subfield code="0">(NO-TrBIB)12057605</subfield>
		</datafield>
		<datafield ind1="1" ind2="0" tag="245">
			<subfield code="a">Abominable science :</subfield>
			<subfield code="b">origins of the Yeti, Nessie, and other famous cryptids</subfield>
			<subfield code="c">Daniel Loxton and Donald R. Prothero</subfield>
		</datafield>
		<datafield ind1=" " ind2=" " tag="260">
			<subfield code="a">New York</subfield>
			<subfield code="b">Columbia University Press</subfield>
			<subfield code="c">cop. 2013</subfield>
		</datafield>
		<datafield ind1=" " ind2=" " tag="300">
			<subfield code="a">XVI, 411 s.</subfield>
			<subfield code="b">ill.</subfield>
		</datafield>
		<datafield ind1=" " ind2="7" tag="650">
			<subfield code="a">Kryptozoologi</subfield>
			<subfield code="2">noubomn</subfield>
		</datafield>
		<datafield ind1=" " ind2="7" tag="650">
			<subfield code="a">Monstre</subfield>
			<subfield code="2">noubomn</subfield>
		</datafield>
		<datafield ind1=" " ind2="7" tag="655">
			<subfield code="a">Populærvitenskap</subfield>
			<subfield code="2">noubomn</subfield>
		</datafield>
		<datafield ind1="1" ind2=" " tag="700">
			<subfield code="a">Prothero, Donald R.</subfield>
			<subfield code="0">(NO-TrBIB)90305649</subfield>
		</datafield>
		<datafield ind1="4" ind2="2" tag="856">
			<subfield code="3">Beskrivelse fra forlaget (kort)</subfield>
			<subfield code="u">http://content.bibsys.no/content/?type=descr_publ_brief&amp;isbn=0231153201</subfield>
		</datafield>
		<datafield ind1="4" ind2="2" tag="856">
			<subfield code="3">Beskrivelse fra forlaget (lang)</subfield>
			<subfield code="u">http://content.bibsys.no/content/?type=descr_publ_full&amp;isbn=0231153201</subfield>
		</datafield>
		<datafield ind1="4" ind2="2" tag="856">
			<subfield code="3">Innholdsfortegnelse</subfield>
			<subfield code="u">http://content.bibsys.no/content/?type=toc&amp;isbn=0231153201</subfield>
		</datafield>
		<datafield ind1="4" ind2="2" tag="856">
			<subfield code="3">Omslagsbilde</subfield>
			<subfield code="u">http://innhold.bibsys.no/bilde/forside/?size=mini&amp;id=9780231153201.jpg</subfield>
			<subfield code="q">image/jpeg</subfield>
		</datafield>
		<datafield ind1=" " ind2=" " tag="901">
			<subfield code="a">80</subfield>
		</datafield>
	</record>
</bib>